
@article{hothorn2014,
  title={Conditional transformation models},
  author={Hothorn, Torsten and Kneib, Thomas and B{\"u}hlmann, Peter},
  journal={Journal of the Royal Statistical Society: Series B (Statistical Methodology)},
  volume={76},
  number={1},
  pages={3--27},
  year={2014},
  publisher={Wiley Online Library}
}

@Article{KleKne2016,
  author  = {Klein, N. and Kneib, T.},
  title   = {Scale-Dependent Priors for Variance Parameters in Structured Additive Distributional Regression},
  journal = {Bayesian Analysis},
  year    = {2016},
  volume  = {11},
  number  = {4},
  pages   = {1071--1106},
}


@article{HotZei2021,
author = {Torsten Hothorn and Achim Zeileis},
title = {Predictive Distribution Modeling Using Transformation Forests},
journal = {Journal of Computational and Graphical Statistics},
volume = {30},
number = {4},
pages = {1181--1196},
year  = {2021},
doi = {10.1080/10618600.2021.1872581}
}


@article{MicKleKne2018,
  author={Michaelis, P. and Klein, N. and Kneib, T.},
  title={Bayesian Multivariate Distributional Regression With Skewed Responses and Skewed Random Effects},
  journal={Journal of Computational and Graphical Statistics},
  year={2018},
  volume={27},
  number={3},
  pages={602--611},
}


@article{hothorn2018,
  title={Most likely transformations},
  author={Hothorn, Torsten and M{\"o}st, Lisa and B{\"u}hlmann, Peter},
  journal={Scandinavian Journal of Statistics},
  volume={45},
  number={1},
  pages={110--134},
  year={2018},
  publisher={Wiley Online Library}
}

@phdthesis{pya2010additive,
  title={Additive models with shape constraints},
  author={Pya, Natalya},
  year={2010},
  school={University of Bath}
}

@article{rigby2005,
  title={Generalized additive models for location, scale and shape},
  author={Rigby, Robert A and Stasinopoulos, D Mikis},
  journal={Journal of the Royal Statistical Society: Series C (Applied Statistics)},
  volume={54},
  number={3},
  pages={507--554},
  year={2005},
  publisher={Wiley Online Library}
}

@article{klein2015bayesian,
  title={Bayesian structured additive distributional regression with an application to regional income inequality in {G}ermany},
  author={Klein, Nadja and Kneib, Thomas and Lang, Stefan and Sohn, Alexander and others},
  journal={The Annals of Applied Statistics},
  volume={9},
  number={2},
  pages={1024--1052},
  year={2015},
  publisher={Institute of Mathematical Statistics}
}

@article{linton2008,
  title={Estimation of a semiparametric transformation model},
  author={Linton, Oliver and Sperlich, Stefan and Van Keilegom, Ingrid and others},
  journal={The Annals of Statistics},
  volume={36},
  number={2},
  pages={686--718},
  year={2008},
  publisher={Institute of Mathematical Statistics}
}

@article{politis2013,
  title={Model-free model-fitting and predictive distributions},
  author={Politis, Dimitris N},
  journal={Test},
  volume={22},
  number={2},
  pages={183--221},
  year={2013},
  publisher={Springer}
}

@article{pyawood,
  title={Shape constrained additive models},
  author={Pya, Natalya and Wood, Simon N},
  journal={Statistics and Computing},
  volume={25},
  number={3},
  pages={543--559},
  year={2015},
  publisher={Springer}
}

@article{hothorn2018top,
  title={Top-down transformation choice},
  author={Hothorn, Torsten},
  journal={Statistical Modelling},
  volume={18},
  number={3-4},
  pages={274--298},
  year={2018},
  publisher={SAGE Publications Sage India: New Delhi, India}
}

@article{hothorn2017package,
  title={mlt: Most Likely Transformations. R package vignette version 0.2-0},
  author={Hothorn, Torsten},
  year={2017}
}

@book{most2015conditional,
  title={Conditional Transformation Models-Interpretable Parametrisations and Censoring},
  author={M{\"o}st, Lisa},
  year={2015},
  publisher={Verlag Dr. Hut}
}

@article{most2016predicting,
  title={Predicting birth weight with conditionally linear transformation models},
  author={M{\"o}st, Lisa and Schmid, Matthias and Faschingbauer, Florian and Hothorn, Torsten},
  journal={Statistical methods in medical research},
  volume={25},
  number={6},
  pages={2781--2810},
  year={2016},
  publisher={SAGE Publications Sage UK: London, England}
}

@article{beliakov2000,
  title={Shape preserving approximation using least squares splines},
  author={Beliakov, Gleb},
  journal={Approximation Theory and its Applications},
  volume={16},
  number={4},
  pages={80},
  year={2000},
  publisher={Springer}
}

@article{manuguerra2018ordinalcont,
  title={ordinalCont: Ordinal Regression Analysis for Continuous Scales: Version 2.0. 0},
  author={Manuguerra, Maurizio and Heller, Gillian},
  year={2018}
}

@article{betancourt2017conceptual,
  title={Conceptual intro to {H}amiltonian {M}onte {C}arlo},
  author={Betancourt, Michael},
  journal={arXiv:1701.02434},
  year={2017}
}

@incollection{neal2011mcmc,
  title={{MCMC} using {H}amiltonian dynamics},
  author={Neal, Radford M and others},
  booktitle={Handbook of Markov chain Monte Carlo},
  editor = {Steve Brooks and Andrew Gelman and Galin Jones and Xiao-Li Meng},
  edition={1st},
  publisher={Chapman \& Hall/CRC},
  address={New York},
  chapter = {5},
  pages={133--162},
  year={2011}
}

@article{hoffman2014no,
  title={The {N}o-{U}-{T}urn {S}ampler: adaptively setting path lengths in {H}amiltonian {M}onte {C}arlo.},
  author={Hoffman, Matthew D and Gelman, Andrew},
  journal={Journal of Machine Learning Research},
  volume={15},
  number={1},
  pages={1593--1623},
  year={2014}
}

@article{zhang2001linear,
  title={Linear mixed models with flexible distributions of random effects for longitudinal data},
  author={Zhang, Daowen and Davidian, Marie},
  journal={Biometrics},
  volume={57},
  number={3},
  pages={795--802},
  year={2001},
  publisher={Wiley Online Library}
}

@article{lang2004bayesian,
  title={Bayesian {P}-splines},
  author={Lang, Stefan and Brezger, Andreas},
  journal={Journal of Computational and Graphical Statistics},
  volume={13},
  number={1},
  pages={183--212},
  year={2004},
  publisher={Taylor \& Francis}
}

@article{spiegelhalter2002,
  title={Bayesian measures of model complexity and fit},
  author={Spiegelhalter, David J and Best, Nicola G and Carlin, Bradley P and Van Der Linde, Angelika},
  journal={Journal of the Royal Statistical Society: Series B (Statistical Methodology)},
  volume={64},
  number={4},
  pages={583--639},
  year={2002},
  publisher={Wiley Online Library}
}



@book{sakamoto1986akaike,
  title={Akaike information criterion statistics},
  author={Sakamoto, Yosiyuki and Ishiguro, Makio and Kitagawa, Genshiro},
  edition={1},
  pages={290},
  year={1986},
  publisher={Springer}
}
@article{watanabe2010,
  title={Asymptotic equivalence of {B}ayes cross validation and widely applicable information criterion in singular learning theory},
  author={Watanabe, Sumio},
  journal={Journal of Machine Learning Research},
  volume={11},
  number={Dec},
  pages={3571--3594},
  year={2010}
}

@article{nesterov2009,
  title={Primal-dual subgradient methods for convex problems},
  author={Nesterov, Yurii},
  journal={Mathematical programming},
  volume={120},
  number={1},
  pages={221--259},
  year={2009},
  publisher={Springer}
}

@article{chernozhukov2013inference,
  title={Inference on counterfactual distributions},
  author={Chernozhukov, Victor and Fern{\'a}ndez-Val, Iv{\'a}n and Melly, Blaise},
  journal={Econometrica},
  volume={81},
  number={6},
  pages={2205--2268},
  year={2013},
  publisher={Wiley Online Library}
}

@article{Kneib2022,
title = {Rage Against the Mean - {A} Review of Distributional Regression Approaches},
journal = {Econometrics and Statistics},
year = {2022},
author = {Thomas Kneib and Alexander Silbersdorff and Benjamin SÃ¤fken},
}


@article{foresi1995conditional,
  title={The conditional distribution of excess returns: An empirical analysis},
  author={Foresi, Silverio and Peracchi, Franco},
  journal={Journal of the American Statistical Association},
  volume={90},
  number={430},
  pages={451--466},
  year={1995},
  publisher={Taylor \& Francis}
}

@article{simpson2017penalising,
  title={Penalising model component complexity: A principled, practical approach to constructing priors},
  author={Simpson, Daniel and Rue, H{\aa}vard and Riebler, Andrea and Martins, Thiago G and S{\o}rbye, Sigrunn H and others},
  journal={Statistical science},
  volume={32},
  number={1},
  pages={1--28},
  year={2017},
  publisher={Institute of Mathematical Statistics}
}

@article{gelman2006prior,
  title={Prior distributions for variance parameters in hierarchical models (comment on article by Browne and Draper)},
  author={Gelman, Andrew and others},
  journal={Bayesian Analysis},
  volume={1},
  number={3},
  pages={515--534},
  year={2006},
  publisher={International Society for Bayesian Analysis}
}


@article{box1964analysis,
  title={An analysis of transformations},
  author={Box, George EP and Cox, David R},
  journal={Journal of the Royal Statistical Society: Series B (statistical methodology)},
  volume={26},
  number={2},
  pages={211--243},
  year={1964},
  publisher={Wiley Online Library}
}

@article{huang2019bayesian,
  title={Bayesian Distribution Regression},
  author={Huang, Weige and Tsyawo, Emmanuel},
  journal={Available at SSRN 3048658},
  year={2019}
}

@article{song2012semiparametric,
  title={Semiparametric transformation models with {B}ayesian {P}-splines},
  author={Song, Xin-Yuan and Lu, Zhao-Hua},
  journal={Statistics and Computing},
  volume={22},
  number={5},
  pages={1085--1098},
  year={2012},
  publisher={Springer}
}

@article{hanson2007bayesian,
  title={Bayesian semiparametric proportional odds models},
  author={Hanson, Timothy and Yang, Mingan},
  journal={Biometrics},
  volume={63},
  number={1},
  pages={88--95},
  year={2007},
  publisher={Wiley Online Library}
}

@article{mallick2003bayesian,
  title={A {B}ayesian semiparametric transformation model incorporating frailties},
  author={Mallick, Bani K and Walker, Stephen},
  journal={Journal of Statistical Planning and Inference},
  volume={112},
  number={1-2},
  pages={159--174},
  year={2003},
  publisher={Elsevier}
}

@Article{KoeBas1978,
	author    	= 	{Koenker, R. and Bassett, G.},
	title     	= 	{Regression Quantiles},
	journal 	= 	{Econometrica},
	year      	= 	{1978},
	volume		= 	{46},
	pages 		= 	{33--50}
}

@article{koenker2001quantile,
  title={Quantile regression},
  author={Koenker, Roger and Hallock, Kevin F},
  journal={Journal of Economic Perspectives},
  volume={15},
  number={4},
  pages={143--156},
  year={2001}
}

@article{simpkin2010derivative,
  title={Derivative Estimation in Noisy Data; an Additive Penalty P},
  author={Simpkin, Andrew},
  journal={sigma},
  volume={2},
  pages={P2},
  year={2010}
}

@article{simpkin2013additive,
  title={An additive penalty P-Spline approach to derivative estimation},
  author={Simpkin, Andrew and Newell, John},
  journal={Computational Statistics \& Data Analysis},
  volume={68},
  pages={30--43},
  year={2013},
  publisher={Elsevier}
}


@article{KleKneKlaLan2015,
  author={Klein, N. and Kneib, T. and Klasen, S. and Lang, S.},
  title={Bayesian Structured Additive Distributional Regression for Multivariate Responses},
  journal={Journal of the Royal Statistical Society. Series C: Applied Statistics},
  year={2015},
  volume={64},
  number={4},
  pages={569--591},
  doi={10.1111/rssc.12090},
  publisher={Blackwell Publishing Ltd},
}

@article{kneib2019modular,
  title={Modular regression-a Lego system for building structured additive distributional regression models with tensor product interactions},
  author={Kneib, Thomas and Klein, Nadja and Lang, Stefan and Umlauf, Nikolaus},
  journal={Test},
  volume={28},
  number={1},
  pages={1--39},
  year={2019},
  publisher={Springer}
}

@article{klein2020bayesian,
author = {Nadja Klein and Manuel Carlan and Thomas Kneib and Stefan Lang and Helga Wagner},
title = {Bayesian Effect Selection in Structured Additive Distributional Regression Models},
volume = {16},
journal = {Bayesian Analysis},
number = {2},
publisher = {International Society for Bayesian Analysis},
pages = {545--573},
year = {2021},
doi = {10.1214/20-BA1214}
}

@article{prentice1973exponential,
  title={Exponential survivals with censoring and explanatory variables},
  author={Prentice, Ross L},
  journal={Biometrika},
  volume={60},
  number={2},
  pages={279--288},
  year={1973},
  publisher={Oxford University Press}
}


@Manual{Rlang,
    title = {R: A Language and Environment for Statistical Computing},
    author = {{R Core Team}},
    organization = {R Foundation for Statistical Computing},
    address = {Vienna, Austria},
    year = {2020}
  }

@Article{rcpp,
    title = {{Extending \textit{R} with 	\textit{C++}: A Brief Introduction to \textit{Rcpp}}},
    author = {Dirk Eddelbuettel and James Joseph Balamuta},
    journal = {PeerJ Preprints},
    year = {2017},
    month = {aug},
    volume = {5},
    pages = {e3188v1},
    doi = {10.7287/peerj.preprints.3188v1},
  }

@book{rue2005gaussian,
  title={Gaussian Markov Random Fields: Theory and Applications},
  author={Rue, Havard and Held, Leonhard},
  year={2005},
  publisher={CRC}
}

@article{henderson2002modeling,
  title={Modeling spatial variation in leukemia survival data},
  author={Henderson, Robin and Shimakura, Silvia and Gorst, David},
  journal={Journal of the American Statistical Association},
  volume={97},
  number={460},
  pages={965--972},
  year={2002},
  publisher={Taylor \& Francis}
}


@Article{spbayessurv,
    title = {{spBayesSurv}: Fitting {B}ayesian Spatial Survival Models Using {R}},
    author = {Haiming Zhou and Timothy Hanson and Jiajia Zhang},
    journal = {Journal of Statistical Software},
    year = {2020},
    volume = {92},
    number = {9},
    pages = {1--33},
    doi = {10.18637/jss.v092.i09},
  }

@article{mckay2011variable,
  title={A variable selection approach to monotonic regression with {B}ernstein polynomials},
  author={McKay Curtis, S and Ghosh, Sujit K},
  journal={Journal of Applied Statistics},
  volume={38},
  number={5},
  pages={961--976},
  year={2011},
  publisher={Taylor \& Francis}
}

@article{umlauf2018bamlss,
  title={{BAMLSS}: Bayesian additive models for location, scale, and shape (and beyond)},
  author={Umlauf, Nikolaus and Klein, Nadja and Zeileis, Achim},
  journal={Journal of Computational and Graphical Statistics},
  volume={27},
  pages={612--627},
  year={2018},
  publisher={Taylor \& Francis}
}

@article{papaspiliopoulos2007general,
  title={A general framework for the parametrization of hierarchical models},
  author={Papaspiliopoulos, Omiros and Roberts, Gareth O and Sk{\"o}ld, Martin},
  journal={Statistical Science},
  volume = {22},
  number={1},
  pages={59--73},
  year={2007},
  publisher={JSTOR}
}

@article{bdctm,
  title={Bayesian Discrete Conditional Transformation Models},
  author={Carlan, Manuel and Kneib, Thomas},
  journal={arXiv e-prints},
  pages={arXiv:2205.08594},
  year={2022}
}


@book{wood2017generalized,
  title={Generalized {A}dditive {M}odels: an introduction with R},
  author={Wood, Simon N},
  year={2017},
  publisher={CRC press}
}
@article{walker1999bayesian,
  title={A {B}ayesian semiparametric accelerated failure time model},
  author={Walker, Stephen and Mallick, Bani K},
  journal={Biometrics},
  volume={55},
  number={2},
  pages={477--483},
  year={1999},
  publisher={Wiley Online Library}
}


@article{nelder1972generalized,
  title={Generalized linear models},
  author={Nelder, John Ashworth and Wedderburn, Robert WM},
  journal={Journal of the Royal Statistical Society: Series A (General)},
  volume={135},
  number={3},
  pages={370--384},
  year={1972},
  publisher={Wiley Online Library}
}

@book{hastie1990generalized,
  title={Generalized additive models},
  author={Hastie, Trevor J and Tibshirani, Robert J},
  volume={43},
  year={1990},
  publisher={CRC press}
}

@article{yu2001bayesian,
  title={Bayesian quantile regression},
  author={Yu, Keming and Moyeed, Rana A},
  journal={Statistics \& Probability Letters},
  volume={54},
  number={4},
  pages={437--447},
  year={2001},
  publisher={Elsevier}
}

@article{pericchi1981bayesian,
  title={A {B}ayesian approach to transformations to normality},
  author={Pericchi, LR},
  journal={Biometrika},
  volume={68},
  pages={35--43},
  year={1981},
  publisher={Oxford University Press}
}

@article{waldmann2013bayesian,
  title={Bayesian semiparametric additive quantile regression},
  author={Waldmann, Elisabeth and Kneib, Thomas and Yue, Yu Ryan and Lang, Stefan and Flexeder, Claudia},
  journal={Statistical Modelling},
  volume={13},
  number={3},
  pages={223--252},
  year={2013},
  publisher={Sage Publications Sage India: New Delhi, India}
}

@article{horowitz2005nonparametric,
  title={Nonparametric estimation of an additive quantile regression model},
  author={Horowitz, Joel L and Lee, Sokbae},
  journal={Journal of the American Statistical Association},
  volume={100},
  number={472},
  pages={1238--1249},
  year={2005},
  publisher={Taylor \& Francis}
}

@article{cheng1995analysis,
  title={Analysis of transformation models with censored data},
  author={Cheng, SC and Wei, LJ and Ying, Z},
  journal={Biometrika},
  volume={82},
  number={4},
  pages={835--845},
  year={1995},
  publisher={Oxford University Press}
}

@article{tang2018semiparametric,
  title={Semiparametric {B}ayesian analysis of transformation linear mixed models},
  author={Tang, Niansheng and Wu, Ying and Chen, Dan},
  journal={Journal of Multivariate Analysis},
  volume={166},
  pages={225--240},
  year={2018},
  publisher={Elsevier}
}

@article{polson2012half,
  title={On the {H}alf-{C}auchy prior for a global scale parameter},
  author={Polson, Nicholas G and Scott, James G},
  journal={Bayesian Analysis},
  volume={7},
  number={4},
  pages={887--902},
  year={2012},
  publisher={International Society for Bayesian Analysis}
}

@article{michaelismixed,
  title={Mixed Discrete-Continuous Regression--A Novel Approach Based on Weight Functions},
  author={Michaelis, Patrick and Klein, Nadja and Kneib, Thomas},
  journal={Stat},
  volume={9},
  number={1},
  pages={e277},
  publisher={Wiley Online Library}
}

@article{andrinopoulou2018improved,
  title={Improved dynamic predictions from joint models of longitudinal and survival data with time-varying effects using {P}-splines},
  author={Andrinopoulou, Eleni-Rosalina and Eilers, Paul HC and Takkenberg, Johanna JM and Rizopoulos, Dimitris},
  journal={Biometrics},
  volume={74},
  number={2},
  pages={685--693},
  year={2018},
  publisher={Wiley Online Library}
}

@article{james2021bayesian,
      title={Bayesian Cumulative Probability Models for Continuous and Mixed Outcomes}, 
      author={Nathan T. James and Frank E. Harrell   and Bryan E. Shepherd},
      year={2021},
      journal={arXiv:2102.00330}
}

  @Article{adnuts,
    title = {No-{U}-{T}urn {S}ampling for fast {B}ayesian inference in {ADMB} and
      {TMB}: Introducing the adnuts and tmbstan {R} packages.},
    author = {Cole C. Monnahan and Kasper Kristensen},
    year = {2018},
    journal = {PLoS ONE},
    volume = {13},
    number = {5},
    pages = {e0197954},
  }
  
  @article{gneiting2011quantiles,
  title={Quantiles as optimal point forecasts},
  author={Gneiting, Tilmann},
  journal={International Journal of forecasting},
  volume={27},
  number={2},
  pages={197--207},
  year={2011},
  publisher={Elsevier}
}


@article{laio2007verification,
  title={Verification tools for probabilistic forecasts of continuous hydrological variables},
  author={Laio, Francesco and Tamea, Stefania},
  journal={Hydrology and Earth System Sciences},
  volume={11},
  number={4},
  pages={1267--1277},
  year={2007},
  publisher={Copernicus GmbH}
}

@article{tamasi2022tramme,
  title={tram{ME}: Mixed-effects transformation models using Template Model Builder},
  author={Tam{\'a}si, B{\'a}lint and Hothorn, Torsten},
  journal={R Journal},
  pages={Epub--ahead},
  year={2022},
  publisher={R Foundation for Statistical Computing}
}

@article{tram,
  title={tram: Transformation Models. {R} package vignette version 0.7-0},
  author={Hothorn, Torsten},
  year={2022},
}

